<record><leader>00000cas a2200000 a 4500</leader><controlfield tag="001">11325795</controlfield><controlfield tag="008">841030c18599999iluwr ne      0   a0eng c</controlfield><datafield ind1=" " ind2=" " tag="010"><subfield code="a">sn 84038458 </subfield></datafield><datafield ind1=" " ind2=" " tag="040"><subfield code="a">NPX</subfield><subfield code="b">eng</subfield><subfield code="c">NPX</subfield><subfield code="d">NPU</subfield><subfield code="d">NVF</subfield><subfield code="d">OCL</subfield><subfield code="d">NVF</subfield><subfield code="d">OCLCQ</subfield><subfield code="d">NVF</subfield><subfield code="d">OCLCQ</subfield><subfield code="d">OCLCF</subfield><subfield code="d">OCLCO</subfield><subfield code="d">NVF</subfield><subfield code="d">AQM</subfield></datafield><datafield ind1=" " ind2=" " tag="019"><subfield code="a">192097797</subfield></datafield><datafield ind1="1" ind2=" " tag="029"><subfield code="a">AU@</subfield><subfield code="b">000020232906</subfield></datafield><datafield ind1=" " ind2=" " tag="042"><subfield code="a">pcc</subfield></datafield><datafield ind1=" " ind2=" " tag="043"><subfield code="a">n-us-il</subfield></datafield><datafield ind1="0" ind2="4" tag="245"><subfield code="a">The Geneseo republic.</subfield></datafield><datafield ind1="1" ind2=" " tag="246"><subfield code="i">Published as:</subfield><subfield code="a">Republic</subfield><subfield code="f">Dec. 12, 1884</subfield></datafield><datafield ind1=" " ind2=" " tag="260"><subfield code="a">Geneseo, Ill. :</subfield><subfield code="b">Hobbs &amp; Lewis,</subfield><subfield code="c">1859-</subfield></datafield><datafield ind1="2" ind2=" " tag="260"><subfield code="3">&lt;June 3, 1864&gt;-&lt;&gt;</subfield><subfield code="a">Geneseo, Ill. :</subfield><subfield code="b">Hobbs &amp; Lieberknecht</subfield></datafield><datafield ind1="3" ind2=" " tag="260"><subfield code="3">&lt;Dec. 5, 1884&gt;-</subfield><subfield code="a">Geneseo, Ill. :</subfield><subfield code="b">A. Lieberknecht</subfield></datafield><datafield ind1=" " ind2=" " tag="300"><subfield code="a">volumes</subfield></datafield><datafield ind1=" " ind2=" " tag="310"><subfield code="a">Weekly</subfield></datafield><datafield ind1="0" ind2=" " tag="362"><subfield code="a">Vol. 3, no. 46 (Apr. 27, 1859)-</subfield></datafield><datafield ind1=" " ind2=" " tag="500"><subfield code="a">Editor: G. A. Hobbs.</subfield></datafield><datafield ind1=" " ind2=" " tag="500"><subfield code="a">"To Fear God, Tell the Truth, and Make Money."</subfield></datafield><datafield ind1=" " ind2=" " tag="515"><subfield code="a">Issues for Apr. 27, 1859-Jan. 28, 1887 called also whole no. 150-1599.</subfield></datafield><datafield ind1=" " ind2="0" tag="651"><subfield code="a">Geneseo (Ill.)</subfield><subfield code="v">Newspapers.</subfield></datafield><datafield ind1=" " ind2="7" tag="651"><subfield code="a">Illinois</subfield><subfield code="z">Geneseo.</subfield><subfield code="2">fast</subfield><subfield code="0">(OCoLC)fst01217739</subfield></datafield><datafield ind1=" " ind2="7" tag="655"><subfield code="a">Newspapers.</subfield><subfield code="2">fast</subfield><subfield code="0">(OCoLC)fst01423814</subfield></datafield><datafield ind1=" " ind2="7" tag="655"><subfield code="a">Newspapers.</subfield><subfield code="2">rbgenr</subfield></datafield><datafield ind1=" " ind2=" " tag="752"><subfield code="a">United States</subfield><subfield code="b">Illinois</subfield><subfield code="c">Henry County</subfield><subfield code="d">Geneseo.</subfield></datafield><datafield ind1="0" ind2="0" tag="780"><subfield code="t">Geneseo republic and Henry County news</subfield><subfield code="w">(DLC)sn 93055474</subfield><subfield code="w">(OCoLC)27313000</subfield></datafield><datafield ind1="0" ind2="5" tag="780"><subfield code="t">Union advocate (Geneseo, Ill.)</subfield><subfield code="w">(DLC)sn 93055473</subfield><subfield code="w">(OCoLC)27313076</subfield></datafield></record>